@misc{arg14,
  title = {Classic Watershed},
  author = {Arganda-Carreras, I.},
  howpublished = "ImageJ",
  year = {2014},
  note = "Accessed 12 October 2018 @ \href{https://imagej.net/Classic_Watershed}{link}"
}

@misc{cou09,
  title = {The Power Watershed Algorithm},
  author = {Couprie, C. and Talbot, H. and Najman, L.},
  howpublished = "SourceForge",
  year = {2009},
  note = "Accessed 12 October 2018 @ \href{http://powerwatershed.sourceforge.net}{link}"
}
