@InProceedings{benchmarksurvey,
  author = {Wu, Yi and Lim, Jongwoo and Yang, Ming-Hsuan},
  title = {Online Object Tracking: A Benchmark},
  booktitle = {The IEEE Conference on Computer Vision and Pattern Recognition (CVPR)},
  month = {June},
  year = {2013}
}

@incollection{miltrack,
title = {Multiple Instance Boosting for Object Detection},
author = {Cha Zhang and John C. Platt and Paul A. Viola},
booktitle = {Advances in Neural Information Processing Systems 18},
editor = {Y. Weiss and B. Sch\"{o}lkopf and J. C. Platt},
pages = {1417--1424},
year = {2006},
publisher = {MIT Press},
url = {http://papers.nips.cc/paper/2926-multiple-instance-boosting-for-object-detection.pdf}
}

@article{miltrackonline,
  title={Robust object tracking with online multiple instance learning},
  author={Babenko, Boris and Yang, Ming-Hsuan and Belongie, Serge},
  journal={IEEE transactions on pattern analysis and machine intelligence},
  volume={33},
  number={8},
  pages={1619--1632},
  year={2011},
  publisher={IEEE}
}

@inproceedings{OLB,
  title={Real-time tracking via on-line boosting.},
  author={Grabner, Helmut and Grabner, Michael and Bischof, Horst},
  booktitle={Bmvc},
  volume={1},
  number={5},
  pages={6},
  year={2006}
}

@article{IVT,
  title={Incremental learning for robust visual tracking},
  author={Ross, David A and Lim, Jongwoo and Lin, Ruei-Sung and Yang, Ming-Hsuan},
  journal={International journal of computer vision},
  volume={77},
  number={1-3},
  pages={125--141},
  year={2008},
  publisher={Springer}
}

@inproceedings{L1,
  title={Robust visual tracking using L1 minimization},
  author={Mei, Xue and Ling, Haibin},
  booktitle={Computer Vision, 2009 IEEE 12th International Conference on},
  pages={1436--1443},
  year={2009},
  organization={IEEE}
}

@inproceedings{TLD,
  title={P-N learning: Bootstrapping binary classifiers by structural constraints},
  author={Kalal, Zdenek and Matas, Jiri and Mikolajczyk, Krystian},
  booktitle={Computer Vision and Pattern Recognition (CVPR), 2010 IEEE Conference on},
  pages={49--56},
  year={2010},
  organization={IEEE}
}

@inproceedings{hog,
  title={Histograms of oriented gradients for human detection},
  author={Dalal, Navneet and Triggs, Bill},
  booktitle={Computer Vision and Pattern Recognition, 2005. CVPR 2005. IEEE Computer Society Conference on},
  volume={1},
  pages={886--893},
  year={2005},
  organization={IEEE}
}

@inproceedings{haar,
  title={Rapid object detection using a boosted cascade of simple features},
  author={Viola, Paul and Jones, Michael},
  booktitle={Computer Vision and Pattern Recognition, 2001. CVPR 2001. Proceedings of the 2001 IEEE Computer Society Conference on},
  volume={1},
  pages={I--I},
  year={2001},
  organization={IEEE}
}

@inproceedings{rcnn,
  title={Rich feature hierarchies for accurate object detection and semantic segmentation},
  author={Girshick, Ross and Donahue, Jeff and Darrell, Trevor and Malik, Jitendra},
  booktitle={Proceedings of the IEEE conference on computer vision and pattern recognition},
  pages={580--587},
  year={2014}
}

@inproceedings{yolo,
  title={You only look once: Unified, real-time object detection},
  author={Redmon, Joseph and Divvala, Santosh and Girshick, Ross and Farhadi, Ali},
  booktitle={Proceedings of the IEEE conference on computer vision and pattern recognition},
  pages={779--788},
  year={2016}
}

@article{mtcnn,
  title={Joint face detection and alignment using multitask cascaded convolutional networks},
  author={Zhang, Kaipeng and Zhang, Zhanpeng and Li, Zhifeng and Qiao, Yu},
  journal={IEEE Signal Processing Letters},
  volume={23},
  number={10},
  pages={1499--1503},
  year={2016},
  publisher={IEEE}
}
